<collection xmlns="http://www.loc.gov/MARC21/slim">
<record>
  <leader>01368nam0a22003011i 450 </leader>
  <controlfield tag="001">IT\ICCU\CNCE\078651</controlfield>
  <controlfield tag="005">20140911000000.0</controlfield>
  <datafield tag="012" ind1=" " ind2=" ">
    <subfield code="a">u*o- l-bi umum sisu (3) 1575 (R)</subfield>
    <subfield code="2">fei</subfield>
  </datafield>
  <datafield tag="100" ind1=" " ind2=" ">
    <subfield code="a">20140722d1575        0itac0103    ba</subfield>
  </datafield>
  <datafield tag="101" ind1=" " ind2=" ">
    <subfield code="a">LAT</subfield>
    <subfield code="a">ITA</subfield>
  </datafield>
  <datafield tag="102" ind1=" " ind2=" ">
    <subfield code="a">DE</subfield>
  </datafield>
  <datafield tag="200" ind1="1" ind2=" ">
    <subfield code="a">℗Pomponii Melae, Baetici Mellariensis, ℗De situ orbis, libri tres, in gratiam Geographiae studiosorum, a Guilielmo Soono Anglo, i.v.d</subfield>
  </datafield>
  <datafield tag="210" ind1=" " ind2=" ">
    <subfield code="a">Coloniae Agrippinae</subfield>
    <subfield code="c">Apud Viduam Ioannis Birkmanni</subfield>
    <subfield code="d">1575</subfield>
  </datafield>
  <datafield tag="215" ind1=" " ind2=" ">
    <subfield code="a">\8!, 184 \i.e.185!, \3!c.</subfield>
    <subfield code="d">8ʻ</subfield>
  </datafield>
  <datafield tag="300" ind1=" " ind2=" ">
    <subfield code="a">Testo in tedesco e in italiano</subfield>
  </datafield>
  <datafield tag="620" ind1=" " ind2=" ">
    <subfield code="a">DE</subfield>
    <subfield code="d">Colonia</subfield>
  </datafield>
  <datafield tag="700" ind1=" " ind2="1">
    <subfield code="a">Mela,</subfield>
    <subfield code="b">Pomponius</subfield>
    <subfield code="3">IT\ICCU\CNCA\007069</subfield>
  </datafield>
  <datafield tag="702" ind1=" " ind2="1">
    <subfield code="a">Soone,</subfield>
    <subfield code="b">William</subfield>
    <subfield code="3">IT\ICCU\CNCA\029915</subfield>
  </datafield>
  <datafield tag="712" ind1="0" ind2="0">
    <subfield code="a">Birckmann, Arnold - eredi</subfield>
    <subfield code="3">IT\ICCU\CNCT\002237</subfield>
    <subfield code="4">650</subfield>
  </datafield>
  <datafield tag="790" ind1=" " ind2="1">
    <subfield code="a">Pomponius,</subfield>
    <subfield code="b">Mela</subfield>
    <subfield code="3">IT\ICCU\CNCA\021156</subfield>
    <subfield code="z">Mela, Pomponius</subfield>
  </datafield>
  <datafield tag="790" ind1=" " ind2="1">
    <subfield code="a">Mela,</subfield>
    <subfield code="b">Pomponio</subfield>
    <subfield code="3">IT\ICCU\CNCA\021157</subfield>
    <subfield code="z">Mela, Pomponius</subfield>
  </datafield>
  <datafield tag="790" ind1=" " ind2="0">
    <subfield code="a">Pomponius</subfield>
    <subfield code="3">IT\ICCU\CNCA\024785</subfield>
    <subfield code="z">Mela, Pomponius</subfield>
  </datafield>
  <datafield tag="790" ind1=" " ind2="1">
    <subfield code="a">Pomponio,</subfield>
    <subfield code="b">Mela</subfield>
    <subfield code="3">IT\ICCU\CNCA\024786</subfield>
    <subfield code="z">Mela, Pomponius</subfield>
  </datafield>
  <datafield tag="790" ind1=" " ind2="1">
    <subfield code="a">Soonus,</subfield>
    <subfield code="b">Guilelmus</subfield>
    <subfield code="3">IT\ICCU\CNCA\029916</subfield>
    <subfield code="z">Soone, William</subfield>
  </datafield>
  <datafield tag="790" ind1=" " ind2="1">
    <subfield code="a">Zoone,</subfield>
    <subfield code="b">William</subfield>
    <subfield code="3">IT\ICCU\CNCA\029917</subfield>
    <subfield code="z">Soone, William</subfield>
  </datafield>
  <datafield tag="791" ind1="0" ind2="0">
    <subfield code="a">Byrckmanno, Arnoldo - eredi</subfield>
    <subfield code="3">IT\ICCU\CNCT\004397</subfield>
    <subfield code="z">Birckmann, Arnold - eredi</subfield>
  </datafield>
  <datafield tag="801" ind1=" " ind2="3">
    <subfield code="a">IT</subfield>
    <subfield code="b">ICCU</subfield>
    <subfield code="c">20201115</subfield>
  </datafield>
  <datafield tag="899" ind1=" " ind2=" ">
    <subfield code="a">Biblioteca universitaria. Bologna</subfield>
    <subfield code="1">BO0098</subfield>
    <subfield code="2">UBO BU</subfield>
  </datafield>
</record>
</collection>
